@article{VL14,
 author = {Von Luxburg, Ulrike and Radl, Agnes and Hein, Matthias},
 title = {Hitting and Commute Times in Large Random Neighborhood Graphs},
 journal = {J. Mach. Learn. Res.},
 issue_date = {January 2014},
 volume = {15},
 number = {1},
 month = jan,
 year = {2014},
 issn = {1532-4435},
 pages = {1751--1798},
 numpages = {48},
 url = {http://dl.acm.org/citation.cfm?id=2627435.2638591},
 acmid = {2638591},
 publisher = {JMLR.org},
 keywords = {commute distance, k-nearest neighbor graph, random graph, resistance, spectral gap},
} 

@inproceedings{Chen08,
 author = {Chen, Mo and Liu, Jianzhuang and Tang, Xiaoou},
 title = {Clustering via Random Walk Hitting Time on Directed Graphs},
 booktitle = {Proceedings of the 23rd National Conference on Artificial Intelligence - Volume 2},
 series = {AAAI'08},
 year = {2008},
 isbn = {978-1-57735-368-3},
 location = {Chicago, Illinois},
 pages = {616--621},
 numpages = {6},
 url = {http://dl.acm.org/citation.cfm?id=1620163.1620167},
 acmid = {1620167},
 publisher = {AAAI Press},
} 
